@Article{TMDCReviewNature2012,
	author = {Qing Hua Wang, Kourosh Kalantar-Zadeh, Andras Kis, Jonathan N. Coleman, Michael S. Strano},
	title = {Electronics and optoelectronics of two-dimensional transition metal dichalcogenides},
    journal = {Nature Nanotechnology},
    year = {2012},
    OPTkey = {•},
    OPTvolume = {7},
    OPTnumber = {•},
    OPTpages = {699-712},
    OPTmonth = {November},
    OPTnote = {•},
    OPTannote = {•}
}
 
@article{WS2BandStructureSimulation,
	title = {Influence of quantum confinement on the electronic structure of the transition metal sulfide $T$S${}_{2}$},
  	author = {Kuc, A. and Zibouche, N. and Heine, T.},
  	journal = {Phys. Rev. B},
  	volume = {83},
  	issue = {24},
  	pages = {245213},
  	numpages = {4},
  	year = {2011},
  	month = {Jun},
  	publisher = {American Physical Society},
  	doi = {10.1103/PhysRevB.83.245213},
  	url = {https://link.aps.org/doi/10.1103/PhysRevB.83.245213}
}

@article{EmergingPhotoluminescenceInMonolayerMoS2,
author = {Splendiani, Andrea and Sun, Liang and Zhang, Yuanbo and Li, Tianshu and Kim, Jonghwan and Chim, Chi-Yung and Galli, Giulia and Wang, Feng},
title = {Emerging Photoluminescence in Monolayer MoS2},
journal = {Nano Letters},
volume = {10},
number = {4},
pages = {1271-1275},
year = {2010},
doi = {10.1021/nl903868w},
    note ={PMID: 20229981},

URL = { 
        https://doi.org/10.1021/nl903868w
    
},
eprint = { 
        https://doi.org/10.1021/nl903868w
    
}
}

@Article{ElectronicsAndOptoelectronicsOfTwo-dimensionalTransitionMetalDichalcogenides,
author={Wang, Qing Hua
and Kalantar-Zadeh, Kourosh
and Kis, Andras
and Coleman, Jonathan N.
and Strano, Michael S.},
title={Electronics and optoelectronics of two-dimensional transition metal dichalcogenides},
journal={Nature Nanotechnology},
year={2012},
month={Nov},
day={06},
publisher={Nature Publishing Group, a division of Macmillan Publishers Limited. All Rights Reserved. SN  -},
volume={7},
pages={699 EP  -},
note={Review Article},
url={http://dx.doi.org/10.1038/nnano.2012.193}
}

@Article{ExtraordinarySunlightAbsorptionAndOneNanometerThickPhotovoltaicsUsingTwo-DimensionalMonolayerMaterials,
author={Bernardi, Marco
and Palummo, Maurizia
and Grossman, Jeffrey C.},
title={Extraordinary Sunlight Absorption and One Nanometer Thick Photovoltaics Using Two-Dimensional Monolayer Materials},
journal={Nano Letters},
year={2013},
month={Aug},
day={14},
publisher={American Chemical Society},
volume={13},
number={8},
pages={3664-3670},
issn={1530-6984},
doi={10.1021/nl401544y},
url={https://doi.org/10.1021/nl401544y}
}

@Article{LatticeDynamicsInMono-AndFew-LayerSheetsOfWS2AndWSe2,
author = {Weijie Zhao, Zohreh Ghorannevis, Kiran Kumar Amara, Jing Ren Pang, Minglin Toh, Xin Zhang, Christian Kloc, Ping Heng Tane and Goki Eda},
title = {Lattice dynamics in mono- and few-layer sheets of $WS_2$ and $WSe_2$},
jounal = {Nanoscale},
year = {2013},
month = {August},
day = {5},
publisher = {RSCPublishing},
volume = {5},
pages = {9677−9683},
doi = {10.1039/c3nr03052k}
}

@article{ExtraordinaryRoomTemperaturePhotoluminescenceInTriangularWS2Monolayers,
author = {Gutiérrez, Humberto R. and Perea-López, Nestor and Elías, Ana Laura and Berkdemir, Ayse and Wang, Bei and Lv, Ruitao and López-Urías, Florentino and Crespi, Vincent H. and Terrones, Humberto and Terrones, Mauricio},
title = {Extraordinary Room-Temperature Photoluminescence in Triangular WS2 Monolayers},
journal = {Nano Letters},
volume = {13},
number = {8},
pages = {3447-3454},
year = {2013},
doi = {10.1021/nl3026357},
    note ={PMID: 23194096},

URL = { 
        https://doi.org/10.1021/nl3026357
    
},
eprint = { 
        https://doi.org/10.1021/nl3026357
    
}
}

@Article{PhotoluminescencePropertiesAndExcitonDynamicsInMonolayerWSe2,
author = {Tengfei Yan, Xiaofen Qiao, Xiaona Liu, Pingheng Tan, and Xinhui Zhang},
title = {Photoluminescence properties and exciton dynamics in monolayer WSe2},
journal = {Applied Physics Letters},
year = {2014},
OPTkey = {•},
OPTvolume = {105},
OPTnumber = {•},
OPTpages = {•},
OPTmonth = {•},
OPTnote = {•},
OPTannote = {•}
}

@article{AtomicallyThinMoS2ANewDirect-GapSemiconductor,
  title = {Atomically Thin $MoS_2$: A New Direct-Gap Semiconductor},
  author = {Mak, Kin Fai and Lee, Changgu and Hone, James and Shan, Jie and Heinz, Tony F.},
  journal = {Phys. Rev. Lett.},
  volume = {105},
  issue = {13},
  pages = {136805},
  numpages = {4},
  year = {2010},
  month = {Sep},
  publisher = {American Physical Society},
  doi = {10.1103/PhysRevLett.105.136805},
  url = {https://link.aps.org/doi/10.1103/PhysRevLett.105.136805}
}

@article{EvolutionOfElectronicStructureInAtomicallyThinSheetsOfWS2AndWSe2,
author = {Zhao, Weijie and Ghorannevis, Zohreh and Chu, Leiqiang and Toh, Minglin and Kloc, Christian and Tan, Ping-Heng and Eda, Goki},
title = {Evolution of Electronic Structure in Atomically Thin Sheets of WS2 and WSe2},
journal = {ACS Nano},
volume = {7},
number = {1},
pages = {791-797},
year = {2013},
doi = {10.1021/nn305275h},
    note ={PMID: 23256505},

URL = { 
        https://doi.org/10.1021/nn305275h
    
},
eprint = { 
        https://doi.org/10.1021/nn305275h
    
}

}

@Article{ControlOfValleyPolarizationInMonolayerMoS2ByOpticalHelicity,
author = {Mak, Kin Fai, He, Keliang, Shan, Jie and Heinz, Tony F.},
title = {Control of valley polarization in monolayer MoS2 by optical helicity},
journal = {Nature Nanotechnology},
year = {2012},
OPTkey = {•},
OPTvolume = {7},
OPTnumber = {•},
OPTpages = {494-98},
OPTmonth = {•},
OPTnote = {•},
OPTannote = {•}
}

@Article{ValleyPolarizationInMoS2MonolayersByOpticalPumping,
author = {Zeng, Hualing, Dai, Junfeng, Yao, Wang, Xiao, Di and Cui, Xiaodong},
title = {Valley polarization in MoS2 monolayers by optical pumping},
journal = {Nature Nanotechnology},
year = {2012},
OPTkey = {•},
OPTvolume = {7},
OPTnumber = {•},
OPTpages = {490–493},
OPTmonth = {•},
OPTnote = {•},
OPTannote = {•}
}

@article{CoupledSpinAndValleyPhysicsInMonolayersOfMoS2AndOtherGroup-VIDichalcogenides,
  title = {Coupled Spin and Valley Physics in Monolayers of $MoS_2$ and Other Group-VI Dichalcogenides},
  author = {Xiao, Di and Liu, Gui-Bin and Feng, Wanxiang and Xu, Xiaodong and Yao, Wang},
  journal = {Phys. Rev. Lett.},
  volume = {108},
  issue = {19},
  pages = {196802},
  numpages = {5},
  year = {2012},
  month = {May},
  publisher = {American Physical Society},
  doi = {10.1103/PhysRevLett.108.196802},
  url = {https://link.aps.org/doi/10.1103/PhysRevLett.108.196802}
}

@article{GiantSpin-orbit-inducedSpinSplittingInTwo-dimensionalTransition-metalDichalcogenideSemiconductors,
  title = {Giant spin-orbit-induced spin splitting in two-dimensional transition-metal dichalcogenide semiconductors},
  author = {Zhu, Z. Y. and Cheng, Y. C. and Schwingenschl\"ogl, U.},
  journal = {Phys. Rev. B},
  volume = {84},
  issue = {15},
  pages = {153402},
  numpages = {5},
  year = {2011},
  month = {Oct},
  publisher = {American Physical Society},
  doi = {10.1103/PhysRevB.84.153402},
  url = {https://link.aps.org/doi/10.1103/PhysRevB.84.153402}
}

@Article{TightlyBoundTrionsInMonolayer,
author = {Mak, Kin Fai, He, Keliang, Lee, Changgu, Lee, Gwan Hyoung, Hone, James, Heinz, Tony F. and Shan, Jie},
title = {Tightly bound trions in monolayer},
journal = {Nature Materials},
year = {2013},
OPTkey = {•},
OPTvolume = {12},
OPTnumber = {•},
OPTpages = {207-211},
OPTmonth = {•},
OPTnote = {•},
OPTannote = {•}
}

@article{ProbingSymmetryPropertiesOfFew-LayerMoS2Andh-BNByOpticalSecond-HarmonicGeneration,
author = {Li, Yilei and Rao, Yi and Mak, Kin Fai and You, Yumeng and Wang, Shuyuan and Dean, Cory R. and Heinz, Tony F.},
title = {Probing Symmetry Properties of Few-Layer MoS2 and h-BN by Optical Second-Harmonic Generation},
journal = {Nano Letters},
volume = {13},
number = {7},
pages = {3329-3333},
year = {2013},
doi = {10.1021/nl401561r},
    note ={PMID: 23718906},

URL = { 
        https://doi.org/10.1021/nl401561r
    
},
eprint = { 
        https://doi.org/10.1021/nl401561r
    
}

}

@article{TheTransitionMetalDichalcogenidesDiscussionAndInterpretationOfTheObservedOpticalElectricalAndStructuralProperties,
author = { J.A.   Wilson  and  A.D.   Yoffe },
title = {The transition metal dichalcogenides discussion and interpretation of the observed optical, electrical and structural properties},
journal = {Advances in Physics},
volume = {18},
number = {73},
pages = {193-335},
year  = {1969},
publisher = {Taylor & Francis},
doi = {10.1080/00018736900101307},

URL = { 
        https://doi.org/10.1080/00018736900101307
    
},
eprint = { 
        https://doi.org/10.1080/00018736900101307
    
}

}

@article{ElectronicPropertiesOfMoS2Nanoparticles,
author = {Li, Tianshu and Galli, Giulia},
title = {Electronic Properties of MoS2 Nanoparticles},
journal = {The Journal of Physical Chemistry C},
volume = {111},
number = {44},
pages = {16192-16196},
year = {2007},
doi = {10.1021/jp075424v},

URL = { 
        https://doi.org/10.1021/jp075424v
    
},
eprint = { 
        https://doi.org/10.1021/jp075424v
    
}

}